<?xml version="1.0" encoding="UTF-8"?><collection xmlns="http://www.loc.gov/MARC21/slim"><record><leader>00458nam--2200157-i-4500</leader><controlfield tag="001">000020719</controlfield><controlfield tag="002">20161230</controlfield><controlfield tag="005">20161230201033</controlfield><controlfield tag="008">060222s1000------------r-----000-0-eng-d</controlfield><datafield ind1=" " ind2=" " tag="020"><subfield code="a">3-540-10</subfield></datafield><datafield ind1=" " ind2=" " tag="080"><subfield code="a">53</subfield></datafield><datafield ind1=" " ind2=" " tag="245"><subfield code="a">Systems far from equilibrium. sitges conf.on statistical mechanics, june 1980, sitges, barcelona, spain</subfield></datafield><datafield ind1=" " ind2=" " tag="260"><subfield code="a">Berlin, Springer - Verlag, 1980. 402 P</subfield></datafield><datafield ind1=" " ind2=" " tag="490"><subfield code="a">Lectures Notes In Physics</subfield></datafield><datafield ind1=" " ind2=" " tag="700"><subfield code="a">L.Garrido</subfield></datafield><datafield ind1=" " ind2=" " tag="852"><subfield code="a">33191</subfield></datafield></record></collection>